<?xml version="1.0" encoding="UTF-8"?><record xmlns="http://www.loc.gov/MARC21/slim" xmlns:cinclude="http://apache.org/cocoon/include/1.0" xmlns:zs="http://www.loc.gov/zing/srw/">
  <leader>00462nz  a2200133n  4500</leader>
  <controlfield tag="001">no2009076720</controlfield>
  <controlfield tag="003">DLC</controlfield>
  <controlfield tag="005">20090520075722.0</controlfield>
  <controlfield tag="008">090518n| acannaabn          |n ana     c</controlfield>
  <datafield tag="010" ind1=" " ind2=" ">
    <subfield code="a">no2009076720</subfield>
  </datafield>
  <datafield tag="035" ind1=" " ind2=" ">
    <subfield code="a">(OCoLC)oca08112557</subfield>
  </datafield>
  <datafield tag="040" ind1=" " ind2=" ">
    <subfield code="a">CU-A</subfield>
    <subfield code="b">eng</subfield>
    <subfield code="c">CU-A</subfield>
  </datafield>
  <datafield tag="110" ind1="2" ind2=" ">
    <subfield code="a">Università di Firenze.</subfield>
    <subfield code="b">Facoltà agraria</subfield>
  </datafield>
  <datafield tag="670" ind1=" " ind2=" ">
    <subfield code="a">Mancata sinergesi nell'azione dei fosfati e dell'urea nella fermentazione alcolica, 1942:</subfield>
    <subfield code="b">t.p. (Università di Firenze, Facoltà agraria)</subfield>
  </datafield>
</record>